@book{2005metamorphoses,
  title={Metamorphoses: A New Translation},
  author={Martin, C. and Knox, B.M.W.},
  isbn={9780393072433},
  url={https://books.google.co.cr/books?id=j94BT0YjbfMC},
  year={2005},
  publisher={W. W. Norton}
}
@book{sparkes2013red,
  title={The Red and the Black: Studies in Greek Pottery},
  author={Sparkes, B.A.},
  isbn={9781134525584},
  url={https://books.google.co.cr/books?id=HYBTAQAAQBAJ},
  year={2013},
  publisher={Taylor \& Francis}
}

@book{1997works,
  title={Works and Days: A Translation and Commentary for the Social Sciences},
  isbn={9780520917354},
  lccn={96000787},
  url={https://books.google.co.cr/books?id=sHkgON1Gr1wC},
  year={1997},
  publisher={University of California Press}
}

@book{menabrea1843sketch,
  title={Sketch of the Analytical Engine invented by Charles Babbage ... with notes by the translator. Extracted from the 'Scientific Memoirs,' etc. [The translator's notes signed: A.L.L. ie. Augusta Ada King, Countess Lovelace.]},
  author={MENABREA, L.F. and Babbage, C. and Lovelace, A.K.C. and L, A.A.},
  url={https://books.google.co.cr/books?id=EIVqHUm9WlkC},
  year={1843},
  publisher={R. \& J. E. Taylor}
}
